%% This BibTeX bibliography file was created using BibDesk.
%% http://bibdesk.sourceforge.net/


%% Created for Hubert at 2012-05-23 12:47:02 +0200 


%% Saved with string encoding Unicode (UTF-8) 



@article{elf,
	Date-Added = {2012-05-23 10:46:14 +0000},
	Date-Modified = {2012-05-23 10:47:02 +0000},
	Title = {Executable and Linkable Format},
	Year = {2001},
	Bdsk-File-1 = {YnBsaXN0MDDUAQIDBAUIJidUJHRvcFgkb2JqZWN0c1gkdmVyc2lvblkkYXJjaGl2ZXLRBgdUcm9vdIABqAkKFRYXGyIjVSRudWxs0wsMDQ4RFFpOUy5vYmplY3RzV05TLmtleXNWJGNsYXNzog8QgASABqISE4ACgAOAB1lhbGlhc0RhdGFccmVsYXRpdmVQYXRo0hgNGRpXTlMuZGF0YU8RAe4AAAAAAe4AAgAADE1hY2ludG9zaCBIRAAAAAAAAAAAAAAAAAAAAMuBqWlIKwAAAAy0vw5FTEZfRm9ybWF0LnBkZgAAAAAAAAAAAAAAAAAAAAAAAAAAAAAAAAAAAAAAAAAAAAAAAAAAAAAAAAAAAAAAAAAADR2xy0TwLwAAAAAAAAAAAAYABgAACSAAAAAAAAAAAAAAAAAAAAAKRXhlY3V0YWJsZQAQAAgAAMuBm1kAAAARAAgAAMtE4h8AAAABACAADLS/AAy0vgAKqPsACqjjAAqo2gAKpOcABErMAAC/EgACAGVNYWNpbnRvc2ggSEQ6VXNlcnM6AGh1YmVydDoARHJvcGJveDoAcHJvZmVzc2lvbm5lbDoATWluZXM6AFByb2pldCAyQToAZG9jOgBFeGVjdXRhYmxlOgBFTEZfRm9ybWF0LnBkZgAADgAeAA4ARQBMAEYAXwBGAG8AcgBtAGEAdAAuAHAAZABmAA8AGgAMAE0AYQBjAGkAbgB0AG8AcwBoACAASABEABIAUFVzZXJzL2h1YmVydC9Ecm9wYm94L3Byb2Zlc3Npb25uZWwvTWluZXMvUHJvamV0IDJBL2RvYy9FeGVjdXRhYmxlL0VMRl9Gb3JtYXQucGRmABMAAS8AABUAAgAN//8AAIAF0hwdHh9YJGNsYXNzZXNaJGNsYXNzbmFtZaMfICFdTlNNdXRhYmxlRGF0YVZOU0RhdGFYTlNPYmplY3RfEE0uLi8uLi8uLi8uLi8uLi8uLi9wcm9mZXNzaW9ubmVsL01pbmVzL1Byb2pldCAyQS9kb2MvRXhlY3V0YWJsZS9FTEZfRm9ybWF0LnBkZtIcHSQloiUhXE5TRGljdGlvbmFyeRIAAYagXxAPTlNLZXllZEFyY2hpdmVyAAgAEQAWAB8AKAAyADUAOgA8AEUASwBSAF0AZQBsAG8AcQBzAHYAeAB6AHwAhgCTAJgAoAKSApQCmQKiAq0CsQK/AsYCzwMfAyQDJwM0AzkAAAAAAAACAQAAAAAAAAAoAAAAAAAAAAAAAAAAAAADSw==}}

@article{decodagel,
	Author = {Neitsa [FRET]},
	Date-Added = {2012-05-23 10:43:58 +0000},
	Date-Modified = {2012-05-23 10:45:28 +0000},
	Title = {D{\'e}codage du jeu d'instruction des processeurs x86},
	Year = {2007},
	Bdsk-File-1 = {YnBsaXN0MDDUAQIDBAUIJidUJHRvcFgkb2JqZWN0c1gkdmVyc2lvblkkYXJjaGl2ZXLRBgdUcm9vdIABqAkKFRYXGyIjVSRudWxs0wsMDQ4RFFpOUy5vYmplY3RzV05TLmtleXNWJGNsYXNzog8QgASABqISE4ACgAOAB1lhbGlhc0RhdGFccmVsYXRpdmVQYXRo0hgNGRpXTlMuZGF0YU8RAfwAAAAAAfwAAgAADE1hY2ludG9zaCBIRAAAAAAAAAAAAAAAAAAAAMuBqWlIKwAAAAy0wQ1EZWNvZGFnZUkucGRmAAAAAAAAAAAAAAAAAAAAAAAAAAAAAAAAAAAAAAAAAAAAAAAAAAAAAAAAAAAAAAAAAAAAiF/9y9rqnQAAAAAAAAAAAAYABgAACSAAAAAAAAAAAAAAAAAAAAAQY291cnNfYXNzZW1ibGV1cgAQAAgAAMuBm1kAAAARAAgAAMvazn0AAAABACAADLTBAAy0vgAKqPsACqjjAAqo2gAKpOcABErMAAC/EgACAGpNYWNpbnRvc2ggSEQ6VXNlcnM6AGh1YmVydDoARHJvcGJveDoAcHJvZmVzc2lvbm5lbDoATWluZXM6AFByb2pldCAyQToAZG9jOgBjb3Vyc19hc3NlbWJsZXVyOgBEZWNvZGFnZUkucGRmAA4AHAANAEQAZQBjAG8AZABhAGcAZQBJAC4AcABkAGYADwAaAAwATQBhAGMAaQBuAHQAbwBzAGgAIABIAEQAEgBVVXNlcnMvaHViZXJ0L0Ryb3Bib3gvcHJvZmVzc2lvbm5lbC9NaW5lcy9Qcm9qZXQgMkEvZG9jL2NvdXJzX2Fzc2VtYmxldXIvRGVjb2RhZ2VJLnBkZgAAEwABLwAAFQACAA3//wAAgAXSHB0eH1gkY2xhc3Nlc1okY2xhc3NuYW1lox8gIV1OU011dGFibGVEYXRhVk5TRGF0YVhOU09iamVjdF8QUi4uLy4uLy4uLy4uLy4uLy4uL3Byb2Zlc3Npb25uZWwvTWluZXMvUHJvamV0IDJBL2RvYy9jb3Vyc19hc3NlbWJsZXVyL0RlY29kYWdlSS5wZGbSHB0kJaIlIVxOU0RpY3Rpb25hcnkSAAGGoF8QD05TS2V5ZWRBcmNoaXZlcgAIABEAFgAfACgAMgA1ADoAPABFAEsAUgBdAGUAbABvAHEAcwB2AHgAegB8AIYAkwCYAKACoAKiAqcCsAK7Ar8CzQLUAt0DMgM3AzoDRwNMAAAAAAAAAgEAAAAAAAAAKAAAAAAAAAAAAAAAAAAAA14=}}

@article{pcasm,
	Author = {Paul A. Carter},
	Date-Added = {2012-05-23 10:41:56 +0000},
	Date-Modified = {2012-05-23 10:43:24 +0000},
	Month = {Mars},
	Read = {0},
	Title = {Language Assembleur PC},
	Year = {2005},
	Bdsk-File-1 = {YnBsaXN0MDDUAQIDBAUIJidUJHRvcFgkb2JqZWN0c1gkdmVyc2lvblkkYXJjaGl2ZXLRBgdUcm9vdIABqAkKFRYXGyIjVSRudWxs0wsMDQ4RFFpOUy5vYmplY3RzV05TLmtleXNWJGNsYXNzog8QgASABqISE4ACgAOAB1lhbGlhc0RhdGFccmVsYXRpdmVQYXRo0hgNGRpXTlMuZGF0YU8RAhwAAAAAAhwAAgAADE1hY2ludG9zaCBIRAAAAAAAAAAAAAAAAAAAAMuBqWlIKwAAAAy0wRVwY2FzbS1ib29rLWZyZW5jaC5wZGYAAAAAAAAAAAAAAAAAAAAAAAAAAAAAAAAAAAAAAAAAAAAAAAAAAAAAAAAADTWtvmP6TAAAAAAAAAAAAAYABgAACSAAAAAAAAAAAAAAAAAAAAAQY291cnNfYXNzZW1ibGV1cgAQAAgAAMuBm1kAAAARAAgAAL5j7DwAAAABACAADLTBAAy0vgAKqPsACqjjAAqo2gAKpOcABErMAAC/EgACAHJNYWNpbnRvc2ggSEQ6VXNlcnM6AGh1YmVydDoARHJvcGJveDoAcHJvZmVzc2lvbm5lbDoATWluZXM6AFByb2pldCAyQToAZG9jOgBjb3Vyc19hc3NlbWJsZXVyOgBwY2FzbS1ib29rLWZyZW5jaC5wZGYADgAsABUAcABjAGEAcwBtAC0AYgBvAG8AawAtAGYAcgBlAG4AYwBoAC4AcABkAGYADwAaAAwATQBhAGMAaQBuAHQAbwBzAGgAIABIAEQAEgBdVXNlcnMvaHViZXJ0L0Ryb3Bib3gvcHJvZmVzc2lvbm5lbC9NaW5lcy9Qcm9qZXQgMkEvZG9jL2NvdXJzX2Fzc2VtYmxldXIvcGNhc20tYm9vay1mcmVuY2gucGRmAAATAAEvAAAVAAIADf//AACABdIcHR4fWCRjbGFzc2VzWiRjbGFzc25hbWWjHyAhXU5TTXV0YWJsZURhdGFWTlNEYXRhWE5TT2JqZWN0XxBaLi4vLi4vLi4vLi4vLi4vLi4vcHJvZmVzc2lvbm5lbC9NaW5lcy9Qcm9qZXQgMkEvZG9jL2NvdXJzX2Fzc2VtYmxldXIvcGNhc20tYm9vay1mcmVuY2gucGRm0hwdJCWiJSFcTlNEaWN0aW9uYXJ5EgABhqBfEA9OU0tleWVkQXJjaGl2ZXIACAARABYAHwAoADIANQA6ADwARQBLAFIAXQBlAGwAbwBxAHMAdgB4AHoAfACGAJMAmACgAsACwgLHAtAC2wLfAu0C9AL9A1oDXwNiA28DdAAAAAAAAAIBAAAAAAAAACgAAAAAAAAAAAAAAAAAAAOG}}

@manual{intel,
	Date-Added = {2012-05-23 10:39:22 +0000},
	Date-Modified = {2012-05-23 10:41:05 +0000},
	Month = {October},
	Title = {Intel 64 and IA-32 Architecture Software Developer's Manual},
	Year = {2011},
	Bdsk-File-1 = {YnBsaXN0MDDUAQIDBAUIJidUJHRvcFgkb2JqZWN0c1gkdmVyc2lvblkkYXJjaGl2ZXLRBgdUcm9vdIABqAkKFRYXGyIjVSRudWxs0wsMDQ4RFFpOUy5vYmplY3RzV05TLmtleXNWJGNsYXNzog8QgASABqISE4ACgAOAB1lhbGlhc0RhdGFccmVsYXRpdmVQYXRo0hgNGRpXTlMuZGF0YU8RApgAAAAAApgAAgAADE1hY2ludG9zaCBIRAAAAAAAAAAAAAAAAAAAAMuBqWlIKwAAAAy0wR82NC1pYS0zMi1hcmNoaXRlY3R1cmUjREE0QTAucGRmAAAAAAAAAAAAAAAAAAAAAAAAAAAAAAAAAAAAAAAAAAAADaSgyvgmgQAAAAAAAAAAAAYABgAACSAAAAAAAAAAAAAAAAAAAAAQY291cnNfYXNzZW1ibGV1cgAQAAgAAMuBm1kAAAARAAgAAMr4GHEAAAABACAADLTBAAy0vgAKqPsACqjjAAqo2gAKpOcABErMAAC/EgACAHxNYWNpbnRvc2ggSEQ6VXNlcnM6AGh1YmVydDoARHJvcGJveDoAcHJvZmVzc2lvbm5lbDoATWluZXM6AFByb2pldCAyQToAZG9jOgBjb3Vyc19hc3NlbWJsZXVyOgA2NC1pYS0zMi1hcmNoaXRlY3R1cmUjREE0QTAucGRmAA4AeAA7ADYANAAtAGkAYQAtADMAMgAtAGEAcgBjAGgAaQB0AGUAYwB0AHUAcgBlAHMALQBzAG8AZgB0AHcAYQByAGUALQBkAGUAdgBlAGwAbwBwAGUAcgAtAG0AYQBuAHUAYQBsAC0AMwAyADUANAA2ADIALgBwAGQAZgAPABoADABNAGEAYwBpAG4AdABvAHMAaAAgAEgARAASAINVc2Vycy9odWJlcnQvRHJvcGJveC9wcm9mZXNzaW9ubmVsL01pbmVzL1Byb2pldCAyQS9kb2MvY291cnNfYXNzZW1ibGV1ci82NC1pYS0zMi1hcmNoaXRlY3R1cmVzLXNvZnR3YXJlLWRldmVsb3Blci1tYW51YWwtMzI1NDYyLnBkZgAAEwABLwAAFQACAA3//wAAgAXSHB0eH1gkY2xhc3Nlc1okY2xhc3NuYW1lox8gIV1OU011dGFibGVEYXRhVk5TRGF0YVhOU09iamVjdF8QgC4uLy4uLy4uLy4uLy4uLy4uL3Byb2Zlc3Npb25uZWwvTWluZXMvUHJvamV0IDJBL2RvYy9jb3Vyc19hc3NlbWJsZXVyLzY0LWlhLTMyLWFyY2hpdGVjdHVyZXMtc29mdHdhcmUtZGV2ZWxvcGVyLW1hbnVhbC0zMjU0NjIucGRm0hwdJCWiJSFcTlNEaWN0aW9uYXJ5EgABhqBfEA9OU0tleWVkQXJjaGl2ZXIACAARABYAHwAoADIANQA6ADwARQBLAFIAXQBlAGwAbwBxAHMAdgB4AHoAfACGAJMAmACgAzwDPgNDA0wDVwNbA2kDcAN5A/wEAQQEBBEEFgAAAAAAAAIBAAAAAAAAACgAAAAAAAAAAAAAAAAAAAQo}}

@book{mcij,
	Author = {Andrew W. Appel},
	Date-Added = {2012-05-23 10:37:03 +0000},
	Date-Modified = {2012-05-23 10:38:57 +0000},
	Publisher = {Cambridge},
	Title = {Modern compiler implementation in JAVA},
	Year = {2004},
	Bdsk-File-1 = {YnBsaXN0MDDUAQIDBAUIJidUJHRvcFgkb2JqZWN0c1gkdmVyc2lvblkkYXJjaGl2ZXLRBgdUcm9vdIABqAkKFRYXGyIjVSRudWxs0wsMDQ4RFFpOUy5vYmplY3RzV05TLmtleXNWJGNsYXNzog8QgASABqISE4ACgAOAB1lhbGlhc0RhdGFccmVsYXRpdmVQYXRo0hgNGRpXTlMuZGF0YU8RAuwAAAAAAuwAAgAADE1hY2ludG9zaCBIRAAAAAAAAAAAAAAAAAAAAMuBqWlIKwAAAAy0vh9bQ1NdIE1vZGVybiBDb21waWxlciM0N0FBQ0MucGRmAAAAAAAAAAAAAAAAAAAAAAAAAAAAAAAAAAAAAAAAAAAAR6rMyaaoRwAAAAAAAAAAAAYABQAACSAAAAAAAAAAAAAAAAAAAAADZG9jAAAQAAgAAMuBm1kAAAARAAgAAMmmmjcAAAABABwADLS+AAqo+wAKqOMACqjaAAqk5wAESswAAL8SAAIAak1hY2ludG9zaCBIRDpVc2VyczoAaHViZXJ0OgBEcm9wYm94OgBwcm9mZXNzaW9ubmVsOgBNaW5lczoAUHJvamV0IDJBOgBkb2M6AFtDU10gTW9kZXJuIENvbXBpbGVyIzQ3QUFDQy5wZGYADgDSAGgAWwBDAFMAXQAgAE0AbwBkAGUAcgBuACAAQwBvAG0AcABpAGwAZQByACAASQBtAHAAbABlAG0AZQBuAHQAYQB0AGkAbwBuACAAaQBuACAASgBhAHYAYQAsACAAMgBuAGQAIABlAGQALgAoAEEAbgBkAHIAZQB3ACAAQQBwAHAAZQBsAF8AIABDAGEAbQBiAHIAZABpAGcAZQAgAFUAbgBpAHYAZQByAHMAaQB0AHkAIABQAHIAZQBzAHMAKQAoADIAMAAwADQAKQAuAHAAZABmAA8AGgAMAE0AYQBjAGkAbgB0AG8AcwBoACAASABEABIAn1VzZXJzL2h1YmVydC9Ecm9wYm94L3Byb2Zlc3Npb25uZWwvTWluZXMvUHJvamV0IDJBL2RvYy9bQ1NdIE1vZGVybiBDb21waWxlciBJbXBsZW1lbnRhdGlvbiBpbiBKYXZhLCAybmQgZWQuKEFuZHJldyBBcHBlbF8gQ2FtYnJkaWdlIFVuaXZlcnNpdHkgUHJlc3MpKDIwMDQpLnBkZgAAEwABLwAAFQACAA3//wAAgAXSHB0eH1gkY2xhc3Nlc1okY2xhc3NuYW1lox8gIV1OU011dGFibGVEYXRhVk5TRGF0YVhOU09iamVjdF8QnC4uLy4uLy4uLy4uLy4uLy4uL3Byb2Zlc3Npb25uZWwvTWluZXMvUHJvamV0IDJBL2RvYy9bQ1NdIE1vZGVybiBDb21waWxlciBJbXBsZW1lbnRhdGlvbiBpbiBKYXZhLCAybmQgZWQuKEFuZHJldyBBcHBlbF8gQ2FtYnJkaWdlIFVuaXZlcnNpdHkgUHJlc3MpKDIwMDQpLnBkZtIcHSQloiUhXE5TRGljdGlvbmFyeRIAAYagXxAPTlNLZXllZEFyY2hpdmVyAAgAEQAWAB8AKAAyADUAOgA8AEUASwBSAF0AZQBsAG8AcQBzAHYAeAB6AHwAhgCTAJgAoAOQA5IDlwOgA6sDrwO9A8QDzQRsBHEEdASBBIYAAAAAAAACAQAAAAAAAAAoAAAAAAAAAAAAAAAAAAAEmA==}}

@article{kildall,
	Author = {Gary A. Kildall},
	Date-Added = {2012-05-23 10:33:37 +0000},
	Date-Modified = {2012-05-23 10:36:03 +0000},
	Title = {A united approach to global program optimization},
	Bdsk-File-1 = {YnBsaXN0MDDUAQIDBAUIJidUJHRvcFgkb2JqZWN0c1gkdmVyc2lvblkkYXJjaGl2ZXLRBgdUcm9vdIABqAkKFRYXGyIjVSRudWxs0wsMDQ4RFFpOUy5vYmplY3RzV05TLmtleXNWJGNsYXNzog8QgASABqISE4ACgAOAB1lhbGlhc0RhdGFccmVsYXRpdmVQYXRo0hgNGRpXTlMuZGF0YU8RAdYAAAAAAdYAAgAADE1hY2ludG9zaCBIRAAAAAAAAAAAAAAAAAAAAMuBqWlIKwAAAAy0vhBwMTk0LWtpbGRhbGwucGRmAAAAAAAAAAAAAAAAAAAAAAAAAAAAAAAAAAAAAAAAAAAAAAAAAAAAAAAAAAAAAAAAkqXly7WV5QAAAAAAAAAAAAYABQAACSAAAAAAAAAAAAAAAAAAAAADZG9jAAAQAAgAAMuBm1kAAAARAAgAAMu1ecUAAAABABwADLS+AAqo+wAKqOMACqjaAAqk5wAESswAAL8SAAIAW01hY2ludG9zaCBIRDpVc2VyczoAaHViZXJ0OgBEcm9wYm94OgBwcm9mZXNzaW9ubmVsOgBNaW5lczoAUHJvamV0IDJBOgBkb2M6AHAxOTQta2lsZGFsbC5wZGYAAA4AIgAQAHAAMQA5ADQALQBrAGkAbABkAGEAbABsAC4AcABkAGYADwAaAAwATQBhAGMAaQBuAHQAbwBzAGgAIABIAEQAEgBHVXNlcnMvaHViZXJ0L0Ryb3Bib3gvcHJvZmVzc2lvbm5lbC9NaW5lcy9Qcm9qZXQgMkEvZG9jL3AxOTQta2lsZGFsbC5wZGYAABMAAS8AABUAAgAN//8AAIAF0hwdHh9YJGNsYXNzZXNaJGNsYXNzbmFtZaMfICFdTlNNdXRhYmxlRGF0YVZOU0RhdGFYTlNPYmplY3RfEEQuLi8uLi8uLi8uLi8uLi8uLi9wcm9mZXNzaW9ubmVsL01pbmVzL1Byb2pldCAyQS9kb2MvcDE5NC1raWxkYWxsLnBkZtIcHSQloiUhXE5TRGljdGlvbmFyeRIAAYagXxAPTlNLZXllZEFyY2hpdmVyAAgAEQAWAB8AKAAyADUAOgA8AEUASwBSAF0AZQBsAG8AcQBzAHYAeAB6AHwAhgCTAJgAoAJ6AnwCgQKKApUCmQKnAq4CtwL+AwMDBgMTAxgAAAAAAAACAQAAAAAAAAAoAAAAAAAAAAAAAAAAAAADKg==}}

@manual{machodoc,
	Date-Added = {2012-02-14 08:50:10 +0000},
	Date-Modified = {2012-02-14 08:54:37 +0000},
	Lastchecked = {2009-02-04},
	Organization = {Apple Inc.},
	Title = {Mac OS X ABI Mach-O File Format Reference},
	Url = {https://developer.apple.com/},
	Bdsk-Url-1 = {https://developer.apple.com/}}

@article{metamorphic,
	Author = {Jean-Marie Borello, Ludovic M{\'e}},
	Date-Added = {2012-02-06 20:14:04 +0000},
	Date-Modified = {2012-02-06 20:15:41 +0000},
	Journal = {J Comput Virol},
	Title = {Code obfuscation techniques for metamorphic viruses},
	Year = {2008}}

@article{disasm-resist,
	Author = {Cullen Linn, Saumya Debray},
	Date-Added = {2012-02-06 20:08:26 +0000},
	Date-Modified = {2012-02-06 20:11:34 +0000},
	Journal = {Department of Computer Science University of Arizona},
	Title = {Obfuscation of Executable Code to Improve Resistance to Static Disassembly},
	Year = {1999}}

@webpage{bea,
	Date-Added = {2012-02-06 20:06:31 +0000},
	Date-Modified = {2012-02-06 20:07:50 +0000},
	Title = {BeaEngine, disassembler library x86 x86-64 (IA32 and Intel64)},
	Url = {www.beaengine.com},
	Bdsk-Url-1 = {www.beaengine.com}}
